<?xml version="1.0" encoding="UTF-8"?><collection xmlns="http://www.loc.gov/MARC21/slim"><record><leader>00571nam--2200181-i-4500</leader><controlfield tag="001">000046853</controlfield><controlfield tag="002">20161230</controlfield><controlfield tag="005">20161230201046</controlfield><controlfield tag="008">060222s1000------------r-----000-0-ger-d</controlfield><datafield ind1=" " ind2=" " tag="040"><subfield code="a">IFIN-HH</subfield></datafield><datafield ind1=" " ind2=" " tag="041"><subfield code="a">ger</subfield></datafield><datafield ind1=" " ind2=" " tag="080"><subfield code="a">530.145.6(043)</subfield></datafield><datafield ind1="1" ind2=" " tag="100"><subfield code="a">Volkert,Hans-jurgen</subfield></datafield><datafield ind1="1" ind2="0" tag="245"><subfield code="a">Effektive wechselwirkungen and phasenuergange in makroskopischen gittersystem in rahmen der algebraischen quantenmechanik</subfield><subfield code="b">Dissertation</subfield><subfield code="c">Hans-jurgen volkert</subfield></datafield><datafield ind1=" " ind2=" " tag="260"><subfield code="a">Tubingen</subfield><subfield code="b">Fakultat Fur Ph</subfield><subfield code="c">1988</subfield></datafield><datafield ind1=" " ind2=" " tag="300"><subfield code="a">130 P</subfield></datafield><datafield ind1=" " ind2=" " tag="852"><subfield code="a">78737</subfield><subfield code="c">530.14</subfield></datafield><datafield ind1=" " ind2=" " tag="CAT"><subfield code="a">Sys</subfield><subfield code="c">20110324</subfield><subfield code="h">130951</subfield></datafield></record></collection>